@article{billio2012econometric,
  title   = {Econometric measures of connectedness and systemic risk in the finance and insurance sectors},
  author  = {Billio, Monica and Getmansky, Mila and Lo, Andrew W. and Pelizzon, Loriana},
  journal = {Journal of Financial Economics},
  year    = {2012},
  volume  = {104},
  number  = {3},
  pages   = {535--559},
  doi     = {10.1016/j.jfineco.2011.12.010}
}

@article{diebold2012better,
  title   = {Better to give than to receive: Predictive directional measurement of volatility spillovers},
  author  = {Diebold, Francis X. and Yilmaz, Kamil},
  journal = {Journal of Econometrics},
  year    = {2012},
  volume  = {160},
  number  = {1},
  pages   = {209--221},
  doi     = {10.1016/j.jeconom.2012.02.009}
}

@article{diebold2014connectedness,
  title   = {On the network topology of variance decompositions: Measuring the connectedness of financial firms},
  author  = {Diebold, Francis X. and Yilmaz, Kamil},
  journal = {Journal of Econometrics},
  year    = {2014},
  volume  = {182},
  number  = {1},
  pages   = {119--134},
  doi     = {10.1016/j.jeconom.2014.04.012}
}

@article{acemoglu2012network,
  title   = {The network origins of aggregate fluctuations},
  author  = {Acemoglu, Daron and Carvalho, Vasco M. and Ozdaglar, Asuman and Tahbaz-Salehi, Alireza},
  journal = {Econometrica},
  year    = {2012},
  volume  = {80},
  number  = {5},
  pages   = {1977--2016},
  doi     = {10.3982/ECTA9623}
}

@article{carvalho2014micro,
  title   = {From Micro to Macro via Production Networks},
  author  = {Carvalho, Vasco M.},
  journal = {Journal of Economic Perspectives},
  year    = {2014},
  volume  = {28},
  number  = {4},
  pages   = {23--48},
  doi     = {10.1257/jep.28.4.23}
}

@article{barrot2016input,
  title   = {Input Specificity and the Propagation of Idiosyncratic Shocks in Production Networks},
  author  = {Barrot, Jean-No{"e}l and Sauvagnat, Julien},
  journal = {The Quarterly Journal of Economics},
  year    = {2016},
  volume  = {131},
  number  = {3},
  pages   = {1543--1592},
  doi     = {10.1093/qje/qjw018}
}

@article{ahern2014importance,
  title   = {The Importance of Industry Links in Merger Waves},
  author  = {Ahern, Kenneth R. and Harford, Jarrad},
  journal = {The Journal of Finance},
  year    = {2014},
  volume  = {69},
  number  = {2},
  pages   = {559--584},
  doi     = {10.1111/jofi.12124}
}

@article{hertzel2008intra,
  title   = {Intra-industry effects of takeover announcements: Contagion or competitive effect?},
  author  = {Hertzel, Michael G. and Li, Zhiguo and Officer, Micah and Rodgers, Kimberly},
  journal = {Journal of Financial Economics},
  year    = {2008},
  volume  = {87},
  number  = {3},
  pages   = {723--745},
  doi     = {10.1016/j.jfineco.2007.02.005}
}

@article{goldsmithpinkham2020bartik,
  title   = {Bartik Instruments: What, When, Why, and How},
  author  = {Goldsmith-Pinkham, Paul and Sorkin, Isaac and Swift, Henry},
  journal = {American Economic Review},
  year    = {2020},
  volume  = {110},
  number  = {8},
  pages   = {2586--2624},
  doi     = {10.1257/aer.20181047}
}

@article{sun2021event,
  title   = {Estimating dynamic treatment effects in event studies with heterogeneous treatment effects},
  author  = {Sun, Liyang and Abraham, Sarah},
  journal = {Journal of Econometrics},
  year    = {2021},
  volume  = {225},
  number  = {2},
  pages   = {175--199},
  doi     = {10.1016/j.jeconom.2020.09.006}
}

@article{brambor2006understanding,
  title   = {Understanding Interaction Models: Improving Empirical Analyses},
  author  = {Brambor, Thomas and Clark, William Roberts and Golder, Matt},
  journal = {Political Analysis},
  year    = {2006},
  volume  = {14},
  number  = {1},
  pages   = {63--82},
  doi     = {10.1093/pan/mpj004}
}

@article{williams2012margins,
  title   = {Using the margins command to estimate and interpret adjusted predictions and marginal effects},
  author  = {Williams, Richard},
  journal = {The Stata Journal},
  year    = {2012},
  volume  = {12},
  number  = {2},
  pages   = {308--331},
  doi     = {10.1177/1536867X1201200209}
}

@article{imbens2009recent,
  title   = {Recent Developments in the Econometrics of Program Evaluation},
  author  = {Imbens, Guido W. and Wooldridge, Jeffrey M.},
  journal = {Journal of Economic Literature},
  year    = {2009},
  volume  = {47},
  number  = {1},
  pages   = {5--86},
  doi     = {10.1257/jel.47.1.5}
}

@article{macchiavello2015relational,
  title   = {The Value of Relationships: Evidence from a Supply Shock to Kenyan Rose Exports},
  author  = {Macchiavello, Rocco and Morjaria, Ameet},
  journal = {American Economic Review},
  year    = {2015},
  volume  = {105},
  number  = {9},
  pages   = {2911--2945},
  doi     = {10.1257/aer.20130262}
}

@misc{StateCouncil2013Overcapacity,
  title        = {国务院关于化解产能严重过剩矛盾的指导意见（国发〔2013〕41号）},
  author       = {{国务院}},
  year         = {2013},
  howpublished = {政策文件},
  note         = {无DOI，原文链接见国家政务平台}
}

@article{bertrand2004much,
  title   = {How Much Should We Trust Differences-in-Differences Estimates?},
  author  = {Bertrand, Marianne and Duflo, Esther and Mullainathan, Sendhil},
  journal = {Quarterly Journal of Economics},
  year    = {2004},
  volume  = {119},
  number  = {1},
  pages   = {249--275},
  doi     = {10.1162/003355304772839588}
}

@article{petersen2009panel,
  title   = {Estimating Standard Errors in Finance Panel Data Sets: Comparing Approaches},
  author  = {Petersen, Mitchell A.},
  journal = {Review of Financial Studies},
  year    = {2009},
  volume  = {22},
  number  = {1},
  pages   = {435--480},
  doi     = {10.1093/rfs/hhn053}
}

@article{cameron2015practitioner,
  title   = {A Practitioner's Guide to Cluster-Robust Inference},
  author  = {Cameron, A. Colin and Miller, Douglas L.},
  journal = {Journal of Human Resources},
  year    = {2015},
  volume  = {50},
  number  = {2},
  pages   = {317--372},
  doi     = {10.3368/jhr.50.2.317}
}

@book{angrist2009mostly,
  title     = {Mostly Harmless Econometrics: An Empiricist's Companion},
  author    = {Angrist, Joshua D. and Pischke, J{"o}rn-Steffen},
  publisher = {Princeton University Press},
  address   = {Princeton},
  year      = {2009},
  doi       = {10.1515/9781400829828}
}
@misc{NDRC2018Evaluation,
  title        = {去产能成效评估办法（发改委，2018）},
  author       = {{国家发展和改革委员会}},
  year         = {2018},
  howpublished = {政策文件},
  note         = {官方渠道公开文本，DOI待核验}
}

@misc{MIIT2014SteelGuideline,
  title        = {钢铁行业规范条件（工信部，2014）},
  author       = {{中华人民共和国工业和信息化部}},
  year         = {2014},
  howpublished = {部门规章},
  note         = {官方渠道公开文本，DOI待核验}
}

@article{Yang2023TailRiskIO,
  title   = {产业链结构新视角下的尾部风险跨行业传染},
  author  = {杨子晖 and 王姝黛 and 梁方},
  journal = {经济学（季刊）},
  year    = {2023},
  volume  = {23},
  number  = {1},
  pages   = {212--227},
  doi     = {10.13821/j.cnki.ceq.2023.01.13}
}

@article{Wang2022DecapacityTFP,
  title   = {“去产能”政策是否提高公司绩效——基于制造业上市公司的实证研究},
  author  = {汪海建 and 薛云燕 and 周绍杰},
  journal = {经济理论与经济管理},
  year    = {2022},
  volume  = {42},
  number  = {1},
  pages   = {51--66},
  url     = {https://kns.cnki.net/KCMS/detail/detail.aspx?dbcode=CJFQ&dbname=CJFDLAST2022&filename=JJLL202201005},
  note    = {DOI待补}
}

@article{Li2024UpsideDownsideSpillover,
  title   = {中国行业间上下行风险溢出效应研究},
  author  = {李政 and 李薇 and 武坤 and 方梦洁},
  journal = {国际金融研究},
  year    = {2024},
  number  = {4},
  pages   = {24--36},
  doi     = {10.16475/j.cnki.1006-1029.2024.04.003}
}

@article{Zhao2023DigitalInputNetwork,
  title   = {制造业投入数字化与国内生产网络关联},
  author  = {赵晓斐 and 刘斌},
  journal = {国际贸易问题},
  year    = {2023},
  number  = {8},
  pages   = {38--53},
  doi     = {10.13510/j.cnki.jit.2023.08.001}
}

@article{Zheng2025DomesticLinkImportDependence,
  title   = {产业链国内关联、产业协同发力与企业中间品进口依赖},
  author  = {郑韬 and 叶振宇},
  journal = {世界经济研究},
  year    = {2025},
  number  = {9},
  pages   = {45--59, 136},
  doi     = {10.13516/j.cnki.wes.2025.09.009}
}

@article{Huang2022LeverageProductivity,
  title   = {杠杆率与企业生产率：基于信贷误配的视角},
  author  = {黄少卿 and 俞锦祥 and 许志伟},
  journal = {中国工业经济},
  year    = {2022},
  number  = {9},
  pages   = {159--177},
  doi     = {10.19581/j.cnki.ciejournal.2022.09.009}
}

@article{Sun2018InnovationConsumption,
  title   = {产业创新与消费升级:基于供给侧结构性改革视角的经验研究},
  author  = {孙早 and 许薛璐},
  journal = {中国工业经济},
  year    = {2018},
  number  = {7},
  pages   = {98--116},
  doi     = {10.19581/j.cnki.ciejournal.2018.07.005}
}

@article{Mao2022FDIOvercapacity,
  title   = {破解中国制造业产能过剩的新路径：外资开放政策的视角},
  author  = {毛其淋 and 杨晓冬},
  journal = {金融研究},
  year    = {2022},
  number  = {7},
  pages   = {38--56},
  url     = {https://kns.cnki.net/KCMS/detail/detail.aspx?dbcode=CJFQ&dbname=CJFDLAST2022&filename=JRYJ202207003},
  note    = {DOI待补}
}

@article{Yan2021OverseasParksDID,
  title   = {境外经贸合作区贸易效应评估——基于东道国视角},
  author  = {严兵 and 谢心荻 and 张禹},
  journal = {中国工业经济},
  year    = {2021},
  number  = {7},
  pages   = {119--136},
  doi     = {10.19581/j.cnki.ciejournal.2021.07.007}
}

@article{Zhao2021ExportSlowEmployment,
  title   = {中国出口增速放缓与区域劳动力市场就业调整},
  author  = {赵春明 and 李震 and 李宏兵},
  journal = {财经研究},
  year    = {2021},
  volume  = {47},
  number  = {1},
  pages   = {135--152},
  doi     = {10.16538/j.cnki.jfe.20200815.201}
}

@article{Wang2022TradeOpenFiscalPersistence,
  title   = {贸易开放与财政政策持久性:经验证据与内在机制},
  author  = {王立勇 and 周星含},
  journal = {中央财经大学学报},
  year    = {2022},
  number  = {8},
  pages   = {3--13},
  doi     = {10.19681/j.cnki.jcufe.2022.08.010}
}

@article{Qu2025ChainMaster,
  title   = {产业链“链主”：政策实践、运行逻辑与现实困境研究},
  author  = {曲永义 and 廖健聪},
  journal = {产业经济评论},
  year    = {2025},
  doi     = {10.19313/j.cnki.cn10-1223/f.20250901.003}
}

@article{Lin2022ChainLeaderSystem,
  title   = {中国式产业链链长制：理论内涵与实践意义},
  author  = {林淑君 and 倪红福},
  journal = {云南社会科学},
  year    = {2022},
  number  = {4},
  pages   = {90--101},
  url     = {https://kns.cnki.net/KCMS/detail/detail.aspx?dbcode=CJFQ&dbname=CJFDLAST2022&filename=YSHX202204010},
  note    = {DOI待补}
}

@article{pesaran1998generalized,
  title   = {Generalized impulse response analysis in linear multivariate models},
  author  = {Pesaran, Hashem M. and Shin, Yongcheol},
  journal = {Economics Letters},
  year    = {1998},
  volume  = {58},
  number  = {1},
  pages   = {17--29},
  doi     = {10.1016/S0165-1765(97)00214-0}
}

@article{koop1996impulse,
  title   = {Impulse response analysis in nonlinear multivariate models},
  author  = {Koop, Gary and Pesaran, M. Hashem and Potter, Simon M.},
  journal = {Journal of Econometrics},
  year    = {1996},
  volume  = {74},
  number  = {1},
  pages   = {119--147},
  doi     = {10.1016/0304-4076(95)01753-8}
}

@article{aronow2017interference,
  title   = {Estimating average causal effects under general interference},
  author  = {Aronow, Peter M. and Samii, Cyrus},
  journal = {Annals of Applied Statistics},
  year    = {2017},
  volume  = {11},
  number  = {4},
  pages   = {1912--1947},
  doi     = {10.1214/16-AOAS1005}
}

@article{athey2018network,
  title   = {Design-based analysis of experiments in networks},
  author  = {Athey, Susan and Eckles, Dean and Imbens, Guido W.},
  journal = {Econometrica},
  year    = {2018},
  volume  = {86},
  number  = {2},
  pages   = {615--645},
  doi     = {10.3982/ECTA13260}
}
